<?xml version="1.0" encoding="UTF-8" ?>
<collection xmlns:xsi="http://www.w3.org/2001/XMLSchema-instance"
    xsi:schemaLocation="http://www.loc.gov/MARC21/slim
        http://www.loc.gov/standards/marcxml/schema/MARC21slim.xsd"
    xmlns="http://www.loc.gov/MARC21/slim">
<record>
  <leader>00202cam a2200361 i 4500</leader>
  <controlfield tag="001">b1232100x</controlfield>
  <controlfield tag="003">LeBAU</controlfield>
  <controlfield tag="005">20140207</controlfield>
  <controlfield tag="008">970122s1950    le       b    ||0 0 ara d</controlfield>
  <datafield tag="035" ind1=" " ind2=" ">
    <subfield code="a">ocn784195031</subfield>
  </datafield>
  <datafield tag="040" ind1=" " ind2=" ">
    <subfield code="a">LEAUB</subfield>
    <subfield code="b">ara</subfield>
    <subfield code="e">rda</subfield>
    <subfield code="c">LEAUB</subfield>
    <subfield code="d">LEAUB</subfield>
  </datafield>
  <datafield tag="082" ind1="0" ind2="4">
    <subfield code="a">282.95645</subfield>
    <subfield code="2">20</subfield>
  </datafield>
  <datafield tag="100" ind1="1" ind2=" ">
    <subfield code="6">880-01</subfield>
    <subfield code="a">ʻAwwād, Ibrāhīm Khalīl,</subfield>
    <subfield code="d">1906-</subfield>
    <subfield code="e">author.</subfield>
  </datafield>
  <datafield tag="245" ind1="1" ind2="0">
    <subfield code="6">880-02</subfield>
    <subfield code="a">Tārīkh Abrashīyat Qubruṣ al-Mārūnīyah /</subfield>
    <subfield code="c">taʼlīf al-Muḥāmī Ibrāhīm ʻAwwād, duktūr fī al-ḥuqūq.</subfield>
  </datafield>
  <datafield tag="264" ind1=" " ind2="1">
    <subfield code="6">880-03</subfield>
    <subfield code="a">Bayrūt, [Lubnān] :</subfield>
    <subfield code="b">al-Jam‘īyah al-Khayrīyah li-Abrashīyat Qubruṣ al-Mārūnīyah,</subfield>
    <subfield code="c">1950.</subfield>
  </datafield>
  <datafield tag="300" ind1=" " ind2=" ">
    <subfield code="6">880-04</subfield>
    <subfield code="a">87 pages ;</subfield>
    <subfield code="c">22 cm</subfield>
  </datafield>
  <datafield tag="336" ind1=" " ind2=" ">
    <subfield code="a">text</subfield>
    <subfield code="b">txt</subfield>
    <subfield code="2">rdacontent</subfield>
  </datafield>
  <datafield tag="337" ind1=" " ind2=" ">
    <subfield code="a">unmediated</subfield>
    <subfield code="b">n</subfield>
    <subfield code="2">rdamedia</subfield>
  </datafield>
  <datafield tag="338" ind1=" " ind2=" ">
    <subfield code="a">volume</subfield>
    <subfield code="b">nc</subfield>
    <subfield code="2">rdacarrier</subfield>
  </datafield>
  <datafield tag="504" ind1=" " ind2=" ">
    <subfield code="a">يتضمن مراجع ببليوغرافية.</subfield>
  </datafield>
  <datafield tag="650" ind1=" " ind2="4">
    <subfield code="a">الموارنة</subfield>
    <subfield code="x">تاريخ.</subfield>
  </datafield>
  <datafield tag="650" ind1=" " ind2="4">
    <subfield code="a">الموارنة</subfield>
    <subfield code="z">قبرص</subfield>
    <subfield code="x">تاريخ.</subfield>
  </datafield>
  <datafield tag="650" ind1=" " ind2="0">
    <subfield code="a">Maronites</subfield>
    <subfield code="x">History.</subfield>
  </datafield>
  <datafield tag="650" ind1=" " ind2="0">
    <subfield code="a">Maronites</subfield>
    <subfield code="z">Cyprus</subfield>
    <subfield code="x">History.</subfield>
  </datafield>
  <datafield tag="852" ind1=" " ind2=" ">
    <subfield code="a">Jafet Library</subfield>
    <subfield code="e">American University of Beirut, Bliss Street , Beirut, Lebanon.</subfield>
  </datafield>
  <datafield tag="880" ind1="1" ind2=" ">
    <subfield code="6">100-01/(3/r</subfield>
    <subfield code="a">عواد، ابراهيم خليل،</subfield>
    <subfield code="d">1906-</subfield>
    <subfield code="e">مؤلف. </subfield>
    <subfield code="4">aut.</subfield>
  </datafield>
  <datafield tag="880" ind1="1" ind2="0">
    <subfield code="6">245-02/(3/r</subfield>
    <subfield code="a">تاريخ أبرشية قبرص المارونية /</subfield>
    <subfield code="c">تأليف المحامي إبراهيم عواد، دكتور في الحقوق.</subfield>
  </datafield>
  <datafield tag="880" ind1=" " ind2="1">
    <subfield code="6">264-03/(3/r</subfield>
    <subfield code="a">بيروت، [لبنان] :</subfield>
    <subfield code="b">الجمعية الخيرية لأبرشية قبرص المارونية،</subfield>
    <subfield code="c">1950.</subfield>
  </datafield>
  <datafield tag="880" ind1=" " ind2=" ">
    <subfield code="6">300-04/(3/r</subfield>
    <subfield code="a">87 صفحة ؛</subfield>
    <subfield code="c">22 سم</subfield>
  </datafield>
  <datafield tag="907" ind1=" " ind2=" ">
    <subfield code="a">.b1232100x</subfield>
    <subfield code="b">16-05-23</subfield>
    <subfield code="c">11-05-24</subfield>
  </datafield>
  <datafield tag="907" ind1=" " ind2=" ">
    <subfield code="a">.b1232100x</subfield>
    <subfield code="b">15-10-15</subfield>
    <subfield code="c">11-05-24</subfield>
  </datafield>
  <datafield tag="945" ind1=" " ind2=" ">
    <subfield code="f">J</subfield>
    <subfield code="a">282.95645:A964mA:c.1</subfield>
    <subfield code="g">1</subfield>
    <subfield code="i">01001781</subfield>
    <subfield code="j">.i12750839</subfield>
    <subfield code="l">u0503</subfield>
  </datafield>
  <datafield tag="998" ind1=" " ind2=" ">
    <subfield code="a">u05</subfield>
    <subfield code="b">97-01-22</subfield>
    <subfield code="c">m</subfield>
    <subfield code="d">a</subfield>
    <subfield code="e">-</subfield>
    <subfield code="f">ara</subfield>
    <subfield code="g">le </subfield>
    <subfield code="h">0</subfield>
    <subfield code="i">1</subfield>
  </datafield>
</record>
</collection>
